<record><leader>00000cas a22000007a 4500</leader><controlfield tag="001">11511880</controlfield><controlfield tag="008">841219d185u18uumduwr ne      0    0eng d</controlfield><datafield ind1=" " ind2=" " tag="010"><subfield code="a">sn 84038775 </subfield></datafield><datafield ind1=" " ind2=" " tag="040"><subfield code="a">NPX</subfield><subfield code="b">eng</subfield><subfield code="c">NPX</subfield><subfield code="d">MFN</subfield><subfield code="d">OCLCQ</subfield></datafield><datafield ind1=" " ind2=" " tag="042"><subfield code="a">msc</subfield></datafield><datafield ind1="0" ind2="0" tag="245"><subfield code="a">Baltimore weekly patriot.</subfield></datafield><datafield ind1=" " ind2=" " tag="260"><subfield code="a">Baltimore, Md. :</subfield><subfield code="b">John F. McJilton</subfield></datafield><datafield ind1=" " ind2=" " tag="300"><subfield code="a">v.</subfield></datafield><datafield ind1=" " ind2=" " tag="310"><subfield code="a">Weekly</subfield></datafield><datafield ind1=" " ind2=" " tag="588"><subfield code="a">Description based on: Vol. 4, no. 42 (Oct. 14, 1854).</subfield></datafield><datafield ind1=" " ind2=" " tag="752"><subfield code="a">United States</subfield><subfield code="b">Maryland</subfield><subfield code="d">Baltimore.</subfield></datafield><datafield ind1="0" ind2=" " tag="775"><subfield code="t">Baltimore patriot &amp; commercial gazette (Baltimore, Md. : Daily)</subfield><subfield code="w">(DLC)sn 83045134</subfield></datafield><datafield ind1="0" ind2=" " tag="775"><subfield code="t">Baltimore patriot and commercial gazette (Baltimore, Md. : Triweekly)</subfield><subfield code="w">(DLC)sn 83016064</subfield></datafield><datafield ind1="0" ind2="0" tag="780"><subfield code="t">Weekly Baltimore patriot</subfield><subfield code="w">(DLC)sn 84024604</subfield></datafield><datafield ind1="0" ind2="5" tag="780"><subfield code="t">Log cabin advocate</subfield><subfield code="w">(DLC)sn 85025144</subfield></datafield></record>